<?xml version="1.0" encoding="UTF-8"?>
<record xmlns="http://www.loc.gov/MARC21/slim">
   <leader>01921cam a2200385 a 4500</leader>
   <controlfield tag="001">1069377</controlfield>
   <controlfield tag="003">NjP</controlfield>
   <controlfield tag="005">20190705143214.0</controlfield>
   <controlfield tag="008">960712s1886    le            000 0 ara d</controlfield>
   <datafield tag="024" ind1="7" ind2=" ">
      <subfield code="a">princeton_aco003693</subfield>
      <subfield code="2">local</subfield>
   </datafield>
   <datafield ind1=" " ind2=" " tag="035">
      <subfield code="a">(CStRLIN)NJPG96-B38948</subfield>
   </datafield>
   <datafield ind1=" " ind2=" " tag="035">
      <subfield code="9">CCE8598TS</subfield>
   </datafield>
   <datafield ind1=" " ind2=" " tag="035">
      <subfield code="a">(NjP)1069377</subfield>
   </datafield>
   <datafield ind1=" " ind2=" " tag="040">
      <subfield code="a">NjP</subfield>
      <subfield code="c">PUL</subfield>
      <subfield code="d">PUL</subfield>
   </datafield>
   <datafield ind1="1" ind2=" " tag="041">
      <subfield code="a">ara</subfield>
      <subfield code="h">ota</subfield>
   </datafield>
   <datafield ind1=" " ind2=" " tag="043">
      <subfield code="a">a-tu---</subfield>
   </datafield>
   <datafield ind1=" " ind2=" " tag="049">
      <subfield code="a">PULL</subfield>
   </datafield>
   <datafield ind1=" " ind2=" " tag="035">
      <subfield code="a">(OCoLC)ocm35114223</subfield>
   </datafield>
   <datafield ind1="1" ind2=" " tag="100">
      <subfield code="a">Halil Rifat,</subfield>
      <subfield code="c">İzmir ceza makhemesi reisi</subfield>
      <subfield code="0">http://id.loc.gov/authorities/names/nr96026729</subfield>
   </datafield>
   <datafield ind1="1" ind2="0" tag="240">
      <subfield code="a">Külliyat-ı şerh-ı ceza.</subfield>
      <subfield code="l">Arabic</subfield>
   </datafield>
   <datafield ind1="1" ind2="0" tag="245">
      <subfield code="6">880-01</subfield>
      <subfield code="a">Kullīyāt sharḥ al-jazāʼ :</subfield>
      <subfield code="b">wa-huwa kitāb yashtamilu ʻalá tafsīr jamīʻ mawādd Qānūn al-jazāʼ al-humāyūnī /</subfield>
      <subfield code="c">li-ḥaḍrat Khalīl Rifʻat Afandī ; tarjamahu min al-Turkīyah al-qānūnī ʻIzzitlū Niqūlā Afandī Naqqāsh.</subfield>
   </datafield>
   <datafield ind1="1" ind2="5" tag="246">
      <subfield code="6">880-02</subfield>
      <subfield code="a">Tarjamat Sharḥ Qānūn al-jazāʼ</subfield>
   </datafield>
   <datafield ind1=" " ind2=" " tag="260">
      <subfield code="6">880-03</subfield>
      <subfield code="a">Bayrūt :</subfield>
      <subfield code="b">al-Maṭbaʻah al-ʻUmūmīyah,</subfield>
      <subfield code="c">1886.</subfield>
   </datafield>
   <datafield ind1=" " ind2=" " tag="300">
      <subfield code="a">414 p. ;</subfield>
      <subfield code="c">24 cm.</subfield>
   </datafield>
   <datafield ind1="1" ind2="0" tag="610">
      <subfield code="a">Turkey.</subfield>
      <subfield code="t">Ceza kanunnae-yi hümayunu.</subfield>
   </datafield>
   <datafield ind1=" " ind2="0" tag="650">
      <subfield code="a">Compensation (Law)</subfield>
      <subfield code="z">Turkey.</subfield>
   </datafield>
   <datafield ind1="1" ind2=" " tag="710">
      <subfield code="a">Turkey.</subfield>
      <subfield code="t">Ceza kanunnae-yi hümayunu.</subfield>
      <subfield code="l">Arabic.</subfield>
      <subfield code="0">http://id.loc.gov/authorities/names/n80070818</subfield>
   </datafield>
   <datafield ind1="1" ind2="0" tag="880">
      <subfield code="6">245-01/r</subfield>
      <subfield code="a">كليات شرح الجزاء :</subfield>
      <subfield code="b">وهو كتاب يشتمل على تفسير جميع مواد قانون الجزاء الهمايوني /</subfield>
      <subfield code="c">لحضرة خليل رفعة افندي ؛ ترجمه من التركية القانوني عزتلوا نقولا افندي نقاش.</subfield>
   </datafield>
   <datafield ind1="1" ind2="5" tag="880">
      <subfield code="6">246-02/r</subfield>
      <subfield code="a">ترجمة شرح قانون الجزاء</subfield>
   </datafield>
   <datafield ind1=" " ind2=" " tag="880">
      <subfield code="6">260-03/r</subfield>
      <subfield code="a">بيروت :</subfield>
      <subfield code="b">المطبعة العمومية،</subfield>
      <subfield code="c">1886.</subfield>
   </datafield>
   <datafield ind1="4" ind2=" " tag="856">
      <subfield code="u">http://hdl.handle.net/2027/njp.32101028664538</subfield>
   </datafield>
   <datafield ind1=" " ind2=" " tag="998">
      <subfield code="a">07/12/96</subfield>
      <subfield code="s">9114</subfield>
      <subfield code="n">NjP</subfield>
      <subfield code="d">07/12/96</subfield>
      <subfield code="c">JEB</subfield>
      <subfield code="b">JEB</subfield>
      <subfield code="i">960712</subfield>
      <subfield code="l">NJPG</subfield>
   </datafield>
   <datafield ind1=" " ind2=" " tag="911">
      <subfield code="a">19960718</subfield>
   </datafield>
   <datafield ind1=" " ind2=" " tag="912">
      <subfield code="a">19960712000000.0</subfield>
   </datafield>
   <datafield ind1=" " ind2=" " tag="994">
      <subfield code="a">C0</subfield>
      <subfield code="b">PUL</subfield>
   </datafield>
   <datafield ind1=" " ind2=" " tag="999">
      <subfield code="a">1069377</subfield>
   </datafield>
   <datafield ind1=" " ind2=" " tag="979">
      <subfield code="a">(OCoLC)ocn176527861</subfield>
   </datafield>
   <datafield ind1="0" ind2="0" tag="852">
      <subfield code="0">1231221</subfield>
      <subfield code="b">rcppa</subfield>
      <subfield code="t">1</subfield>
      <subfield code="h">KKX494.5</subfield>
      <subfield code="i">.H344 1886</subfield>
      <subfield code="x">tr fr arab</subfield>
   </datafield>
   <datafield ind1="8" ind2=" " tag="852">
      <subfield code="0">8687537</subfield>
      <subfield code="b">elf1</subfield>
      <subfield code="h">Electronic Resource</subfield>
   </datafield>
   <datafield ind1=" " ind2=" " tag="959">
      <subfield code="a">2000-06-08 00:00:00 -0400</subfield>
   </datafield>
</record>
